<?xml version="1.0" encoding="UTF-8"?><collection xmlns="http://www.loc.gov/MARC21/slim"><record><leader>00371nam--2200121-i-4500</leader><controlfield tag="001">000048253</controlfield><controlfield tag="002">20161230</controlfield><controlfield tag="005">20161230201046</controlfield><controlfield tag="008">060222s1000------------r-----000-0-eng-d</controlfield><datafield ind1=" " ind2=" " tag="080"><subfield code="a">621.039.83(061.3)</subfield></datafield><datafield ind1=" " ind2=" " tag="245"><subfield code="a">Nuclear techniques in studies of metabolism effects and degradation of pesticides</subfield></datafield><datafield ind1=" " ind2=" " tag="260"><subfield code="a">Bombay, Department Of Atomic Energy, 1978, Vii+520p</subfield></datafield><datafield ind1=" " ind2=" " tag="852"><subfield code="a">48321</subfield></datafield></record></collection>